@article{UPPAAL,
  title={UPPAAL in a nutshell},
  author={Larsen, Kim G and Pettersson, Paul and Yi, Wang},
  journal={International journal on software tools for technology transfer},
  volume={1},
  number={1-2},
  pages={134--152},
  year={1997},
  publisher={Springer}
}

@incollection{TimedAutomata,
  author    = {Johan Bengtsson and Wang Yi},
  booktitle = {Lectures on Concurrency and Petri Nets},
  doi       = {10.1007/978-3-540-27755-2_3},
  editor    = {Desel Jörg and Reisig Wolfgang and Rozenberg Grzegorz},
  isbn      = {978-3-540-27755-2},
  pages     = {87-124},
  publisher = {Springer Berlin Heidelberg},
  series    = {Lecture Notes in Computer Science},
  title     = {Timed Automata: Semantics, Algorithms and Tools},
  xxurl       = {https://doi.org/10.1007/978-3-540-27755-2_3},
  volume    = {3098},
  year      = {2004},
}

@incollection{RealTimeModelChecking,
  author    = {Patricia Bouyer and Uli Fahrenberg and Kim Guldstrand Larsen and Nicolas Markey and Joël Ouaknine and James Worrell},
  title     = {Model Checking Real-Time Systems},
  booktitle = {Handbook of Model Checking},
  doi       = {10.1007/978-3-319-10575-8_29},
  editor    = {Edmund M. Clarke and Thomas A. Henzinger and Helmut Veith and Roderick Bloem},
  isbn      = {978-3-319-10575-8},
  pages     = {1001-1046},
  publisher = {Springer Cham},
  series    = { },
  xxurl       = {https://doi.org/10.1007/978-3-319-10575-8_29},
  year      = {2018},
}

@incollection{IntroductionToModelChecking,
  author    = {Edmund M. Clarke and Thomas A. Henzinger and Helmut Veith},
  title     = {Introduction to Model Checking},
  booktitle = {Handbook of Model Checking},
  doi       = {10.1007/978-3-319-10575-8_1},
  editor    = {Edmund M. Clarke and Thomas A. Henzinger and Helmut Veith and Roderick Bloem},
  isbn      = {978-3-319-10575-8},
  pages     = {1-16},
  publisher = {Springer Cham},
  series    = { },
  xxurl       = {https://doi.org/10.1007/978-3-319-10575-8_1},
  year      = {2018},
}

@inbook {spin2018,
	title = {Lazy Reachability Checking for Timed Automata with Discrete Variables},
	booktitle = {Model Checking Software, SPIN 2018},
	series = {Lecture Notes in Computer Science},
	volume = {10869},
	year = {2018},
	pages = {235-254},
	publisher = {Springer},
	organization = {Springer},
	doi = {10.1007/978-3-319-94111-0_14},
	author = {Tam{\'a}s T{\'o}th and Istv{\'a}n Majzik},
	editor = {Gallardo, Mar{\'\i}a del Mar and Pedro Merino}
}

@inproceedings {Theta,
	title = {Theta: a Framework for Abstraction Refinement-Based Model Checking},
	booktitle = {Proceedings of the 17th Conference on Formal Methods in Computer-Aided Design},
	year = {2017},
	pages = {176{\textendash}179},
	publisher = {FMCAD Inc.},
	organization = {FMCAD Inc.},
	address = {Vienna, Austria},
	isbn = {978-0-9835678-7-5},
	xxurl = {http://www.cs.utexas.edu/users/hunt/FMCAD/FMCAD17/proceedings/},
	author = {Tam{\'a}s T{\'o}th and {\'A}kos Hajdu and Andr{\'a}s V{\"o}r{\"o}s and Zolt{\'a}n Micskei and Istv{\'a}n Majzik},
	editor = {Stewart, Daryl and Weissenbacher, Georg}
}

@InProceedings{SMTTutorial,
author="de Moura, Leonardo
and Dutertre, Bruno
and Shankar, Natarajan",
editor="Damm, Werner
and Hermanns, Holger",
title="A Tutorial on Satisfiability Modulo Theories",
booktitle="Computer Aided Verification",
year="2007",
publisher="Springer Berlin Heidelberg",
address="Berlin, Heidelberg",
pages="20-36",
isbn="978-3-540-73368-3",
doi="10.1007/978-3-540-73368-3_5"
}

@incollection{SMT,
  author    = {Barrett, Clark and Tinelli, Cesare},
  title     = {Satisfiability Modulo Theories},
  booktitle = {Handbook of Model Checking},
  doi       = {10.1007/978-3-319-10575-8_11},
  editor    = {Edmund M. Clarke and Thomas A. Henzinger and Helmut Veith and Roderick Bloem},
  isbn      = {978-3-319-10575-8},
  pages     = {305-343},
  publisher = {Springer Cham},
  series    = { },
  xxurl       = {https://doi.org/10.1007/978-3-319-10575-8_11},
  year      = {2018},
}

@inproceedings{Gamma,
    author = {Vince Moln{\'{a}}r and
              Bence Graics and
              Andr{\'{a}}s V{\"{o}}r{\"{o}}s and
              Istv{\'{a}}n Majzik and
              D{\'{a}}niel Varr{\'{o}}},
    title = {The {G}amma statechart composition framework: design, verification and code generation for component-based reactive systems},
    booktitle = {Proceedings of the 40th International Conference on Software Engineering: Companion Proceeedings},
    pages = {113--116},
    year = {2018},
    publisher = {ACM},
    doi = {10.1145/3183440.3183489}
}
